<?xml version="1.0" encoding="UTF-8"?><collection xmlns="http://www.loc.gov/MARC21/slim"><record><leader>00599nam--2200205-i-4500</leader><controlfield tag="001">000048389</controlfield><controlfield tag="002">20161230</controlfield><controlfield tag="005">20161230201047</controlfield><controlfield tag="008">060222s1000------------r-----000-0-rus-d</controlfield><datafield ind1=" " ind2=" " tag="040"><subfield code="a">IFIN-HH</subfield></datafield><datafield ind1=" " ind2=" " tag="041"><subfield code="a">rus</subfield></datafield><datafield ind1=" " ind2=" " tag="080"><subfield code="a">537.635</subfield></datafield><datafield ind1="1" ind2=" " tag="100"><subfield code="a">Abragam, A</subfield></datafield><datafield ind1="1" ind2="0" tag="245"><subfield code="a">Elektronnyi paramagnitnyi rezonans perehodnyh ionov</subfield><subfield code="b">Tom i</subfield><subfield code="c">A. abragam, b. bleaney</subfield></datafield><datafield ind1=" " ind2=" " tag="260"><subfield code="a">Moskva</subfield><subfield code="b">Mir</subfield><subfield code="c">1972</subfield></datafield><datafield ind1=" " ind2=" " tag="300"><subfield code="a">652 P</subfield></datafield><datafield ind1=" " ind2=" " tag="500"><subfield code="a">Titlul Original In Limba Engleza: Electron Paramagnetic Resonance Of Transition Ions</subfield></datafield><datafield ind1="1" ind2=" " tag="700"><subfield code="a">Bleaney, B</subfield></datafield><datafield ind1=" " ind2=" " tag="852"><subfield code="a">75044</subfield><subfield code="c">539.143.43</subfield></datafield><datafield ind1=" " ind2=" " tag="CAT"><subfield code="a">Sys</subfield><subfield code="c">20120511</subfield><subfield code="h">184944</subfield></datafield></record></collection>